<record><leader>00000cas a2200000 a 4500</leader><controlfield tag="001">10995497</controlfield><controlfield tag="008">840727d18581859iludn ne      0   a0eng c</controlfield><datafield ind1=" " ind2=" " tag="010"><subfield code="a">sn 84031489 </subfield></datafield><datafield ind1=" " ind2=" " tag="040"><subfield code="a">NYG</subfield><subfield code="b">eng</subfield><subfield code="c">NYG</subfield><subfield code="d">NPV</subfield><subfield code="d">NPX</subfield><subfield code="d">NPI</subfield><subfield code="d">NPA</subfield><subfield code="d">DLC</subfield><subfield code="d">NPA</subfield><subfield code="d">KNP</subfield><subfield code="d">YOX</subfield><subfield code="d">CRL</subfield><subfield code="d">NVF</subfield><subfield code="d">KNP</subfield><subfield code="d">NVF</subfield><subfield code="d">CNK</subfield><subfield code="d">FUG</subfield><subfield code="d">NVF</subfield><subfield code="d">NVK</subfield><subfield code="d">CVF</subfield><subfield code="d">OCL</subfield><subfield code="d">CVF</subfield><subfield code="d">NVF</subfield><subfield code="d">NYS</subfield><subfield code="d">LRU</subfield><subfield code="d">NVF</subfield><subfield code="d">KRTAS</subfield><subfield code="d">CUI</subfield><subfield code="d">DLC</subfield><subfield code="d">OCLCQ</subfield><subfield code="d">OCLCF</subfield><subfield code="d">NVF</subfield><subfield code="d">DLC</subfield><subfield code="d">OCLCO</subfield></datafield><datafield ind1="1" ind2=" " tag="029"><subfield code="a">AU@</subfield><subfield code="b">000003655739</subfield></datafield><datafield ind1=" " ind2=" " tag="042"><subfield code="a">pcc</subfield></datafield><datafield ind1=" " ind2=" " tag="043"><subfield code="a">n-us-il</subfield></datafield><datafield ind1="0" ind2="0" tag="050"><subfield code="a">Newspaper</subfield></datafield><datafield ind1=" " ind2="4" tag="050"><subfield code="a">AN</subfield></datafield><datafield ind1="0" ind2="0" tag="245"><subfield code="a">Chicago daily press and tribune.</subfield></datafield><datafield ind1="1" ind2="7" tag="246"><subfield code="a">Press and tribune</subfield></datafield><datafield ind1=" " ind2=" " tag="260"><subfield code="a">Chicago, Ill. :</subfield><subfield code="b">Press and Tribune Co.,</subfield><subfield code="c">1858-1859.</subfield></datafield><datafield ind1=" " ind2=" " tag="300"><subfield code="a">v.</subfield></datafield><datafield ind1=" " ind2=" " tag="310"><subfield code="a">Daily (except Sunday)</subfield></datafield><datafield ind1="0" ind2=" " tag="362"><subfield code="a">Vol. 12, no. 1 (July 1, 1858)-v. 12, no. 218 (Mar. 16, 1859).</subfield></datafield><datafield ind1=" " ind2=" " tag="515"><subfield code="a">Continues the volume numbering of Chicago daily tribune (Chicago, Ill. : 1849).</subfield></datafield><datafield ind1=" " ind2=" " tag="530"><subfield code="a">Preservation microfilmed by the University of Illinois at Urbana-Champaign Library as part of the United States Newspaper Program; the years 1858-1859 (on 2 microfilm reels) are available for purchase from OCLC Preservation Service Centers.</subfield></datafield><datafield ind1=" " ind2=" " tag="580"><subfield code="a">Other daily ed.: Daily evening tribune (Chicago, Ill. : 1858), 1858-&lt;&gt;</subfield></datafield><datafield ind1=" " ind2=" " tag="580"><subfield code="a">Formed by the union of: Chicago daily tribune (Chicago, Ill. : 1849) and: Chicago daily press (Chicago, Ill. : 1857).</subfield></datafield><datafield ind1=" " ind2="0" tag="651"><subfield code="a">Chicago (Ill.)</subfield><subfield code="v">Newspapers.</subfield></datafield><datafield ind1=" " ind2="0" tag="651"><subfield code="a">Cook County (Ill.)</subfield><subfield code="v">Newspapers.</subfield></datafield><datafield ind1=" " ind2="7" tag="651"><subfield code="a">Illinois</subfield><subfield code="z">Chicago.</subfield><subfield code="2">fast</subfield><subfield code="0">(OCoLC)fst01204048</subfield></datafield><datafield ind1=" " ind2="7" tag="651"><subfield code="a">Illinois</subfield><subfield code="z">Cook County.</subfield><subfield code="2">fast</subfield><subfield code="0">(OCoLC)fst01205334</subfield></datafield><datafield ind1=" " ind2="7" tag="655"><subfield code="a">Newspapers.</subfield><subfield code="2">fast</subfield><subfield code="0">(OCoLC)fst01423814</subfield></datafield><datafield ind1=" " ind2=" " tag="752"><subfield code="a">United States</subfield><subfield code="b">Illinois</subfield><subfield code="c">Cook</subfield><subfield code="d">Chicago.</subfield></datafield><datafield ind1="0" ind2=" " tag="775"><subfield code="t">Weekly Chicago press and tribune</subfield><subfield code="w">(DLC)sn 87090501</subfield><subfield code="w">(OCoLC)16016581</subfield></datafield><datafield ind1="1" ind2=" " tag="775"><subfield code="t">Daily evening tribune (Chicago, Ill. : 1858)</subfield><subfield code="w">(DLC)sn 91055475</subfield><subfield code="w">(OCoLC)24997749</subfield></datafield><datafield ind1="0" ind2="8" tag="776"><subfield code="i">Online version:</subfield><subfield code="t">Chicago daily press and tribune (Online)</subfield><subfield code="w">(DLC)  2006266033</subfield><subfield code="w">(OCoLC)77083719</subfield></datafield><datafield ind1="1" ind2="4" tag="780"><subfield code="t">Chicago daily tribune (Chicago, Ill. : 1848)</subfield><subfield code="w">(DLC)sn 82014273</subfield><subfield code="w">(OCoLC)8817868</subfield></datafield><datafield ind1="1" ind2="4" tag="780"><subfield code="t">Chicago daily press (Chicago, Ill. : 1857)</subfield><subfield code="w">(DLC)sn 84024106</subfield><subfield code="w">(OCoLC)10511373</subfield></datafield><datafield ind1="0" ind2="0" tag="785"><subfield code="t">Press and tribune (Chicago, Ill. : Daily)</subfield><subfield code="w">(DLC)sn 82014511</subfield><subfield code="w">(OCoLC)8782695</subfield></datafield><datafield ind1=" " ind2=" " tag="938"><subfield code="a">Kirtas Technologies, Inc.</subfield><subfield code="b">KRTS</subfield><subfield code="n">738663</subfield></datafield></record>